@BOOK{IntAlg,
   author = "Cormen, Leiserson, Rivest \& Stein",
   title= "Introduction to Algorithms, 2nd edition",
   publisher = "McGraw-Hill",
   year = 2001
   }

@article{sankowski,
   author = "Piortr Sankowski",
   title  = "Dynamic Transitive Closure via Dynamic Matrix Inverse",
   journal = "Proceedings of the 45th Annual IEEE Symposium on Foundations of Computer Science (FOCS 04)",
   year = 2004

}

@article{complexity,
author = "Chia-Long wu",
title = "Computational Complexity Analyses of Modular Arithmetic for RSA Cryptosystem",
journal = "The 23 Workshop on Combinatorial Mathematics and Computation Theory",
}
